% BEGIN CHAPTER 1

@misc{IBGE2023,
    title = {{Brasil tem 18,6 milhões de pessoas com deficiência, indica pesquisa divulgada pelo IBGE e MDHC}},
    author = {IBGE},
    year = 2023,
    url = {https://bit.ly/3s21bpT},
    institution = {Ministério dos Direitos Humanos e da Cidadania (MDHC) e Instituto Brasileiro de Geografia e Estatística (IBGE)},
    note = {Acessado em 08/07/2024}
}

@book{OMS2018,
    title = {{Global Estimates on Prevalence of Hearing Loss}},
    author = {OMS},
    year = 2018,
    publisher = {Organização Mundial de Saúde (OMS)},
    institution = {Sensory Functions, Disability and Rehabilitation (SDR)},
    url = {https://bit.ly/4csX5sj},
    pages = {252},
    isbn = {978-92-4-002048-1},
    note = {Acessado em 08/07/2024}
}

@book{OMS2011,
    title = {{World Report on Disability}},
    author = {OMS and {WORLD BANK}},
    year = {2011},
    publisher = {Organização Mundial de Saúde (OMS)},
    institution = {Sensory Functions, Disability and Rehabilitation (SDR)},
    url = {https://bit.ly/3RzlyEn},
    pages = {325},
    isbn = {978-92-4-156418-2},
    note = {Acessado em 08/07/2024}
}

@book{UNESCO2023,
    title = {Global Education Monitoring Report 2023: Technology in education: A tool on whose terms?},
    author = {UNESCO},
    isbn = {978-92-3-100609-8},
    url = {https://bit.ly/4c89Add},
    year = {2023},
    pages = {526},
    publisher = {Organização das Nações Unidas para a Educação, a Ciência e a Cultura (UNESCO)},
    note = {Acessado em 08/07/2024}
}

@book{UNESCO2024,
    title = {Guia para a IA generativa na educação e na pesquisa},
    author = {UNESCO},
    isbn = {978-92-3-700028-1},
    url = {https://bit.ly/4bdPYTu},
    year = {2024},
    pages = {1--44},
    publisher = {Organização das Nações Unidas para a Educação, a Ciência e a Cultura (UNESCO)},
    note = {Acessado em 08/07/2024}
}

@book{Holmes2019,
    title = {Artificial Intelligence In Education: Promises and Implications for Teaching and Learning},
    author = {Holmes, Wayne and Bialik, Maya and Fadel, Charles},
    year = {2019},
    address = {Boston, MA},
    publisher = {Center for Curriculum Redesign},
    isbn = {978-1794293700}
}

@book{Jurafsky2024,
    title = {Speech and Language Processing: An Introduction to Natural Language Processing, Computational Linguistics, and Speech Recognition},
    author = {Jurafsky, Daniel and Martin, James H.},
    edition = {3rd (Draft)},
    year = {2024},
    address = {Stanford, CA},
    publisher = {Stanford University},
    url = {https://web.stanford.edu/~jurafsky/slp3},
    note = {Acessado em 08/07/2024}
}

@book{GovBr2023,
    title = {Guia de Boas Práticas para Acessibilidade Digital},
    author = {SGD and MGI},
    year = {2023},
    pages = {64},
    url = {https://bit.ly/47Hgcwl},
    publisher = {Secretaria de Governo Digital (SGD) e Ministério da Gestão e da Inovação em Serviços Públicos (MGI)},
    note = {Acessado em 08/07/2024}
}

@inproceedings{FalvoJr2020_FIE,
    title = {{The Role of Technology to Teaching and Learning Sign Languages: A Systematic Mapping}},
    author = {FalvoJr, Venilton and Scatalon, Lilian Passos and Barbosa, Ellen Francine},
    year = 2020,
    booktitle = {Proceedings of the 50th Annual Frontiers in Education Conference (FIE 2020)},
    address = {Uppsala, Sweden},
    pages = {1--10},
    month = oct,
    doi={10.1109/FIE44824.2020.9274169}
}

@inproceedings{FalvoJr2020_SBIE,
    title = {{Tecnologias Aplicadas ao Ensino e Aprendizagem de LIBRAS: Um Mapeamento Sistemático}},
    author = {FalvoJr, Venilton and {MARTINS FALVO}, Catherine Helen and Scatalon, Lilian Passos and Barbosa, Ellen Francine},
    year = 2020,
    booktitle = {Anais do Simpósio Brasileiro de Informática na Educação (SBIE 2020)},
    address = {Natal, RS, Brasil},
    pages = {812--821},
    month = nov,
    doi = {10.5753/cbie.sbie.2020.812}
}

@article{FalvoJr2021_RENOTE,
    title = {{Tecnologias Aplicadas ao Ensino e Aprendizagem com Línguas de Sinais: Um Mapeamento Sistemático Sob as Perspectivas Nacional e Internacional}},
    author = {FalvoJr, Venilton and {MARTINS FALVO}, Catherine Helen and Scatalon, Lilian Passos and Barbosa, Ellen Francine},
    year = {2021},
    journal = {Revista Novas Tecnologias na Educação (RENOTE)},
    volume = {18},
    number = {2},
    pages = {191--203},
    month = {jan},
    doi = {10.22456/1679-1916.110217},
}

@book{Honora2021,
    title = {Livro Ilustrado de Língua Brasileira de Sinais: Desvendando a comunicação usada pelas pessoas com surdez},
    author = {Honora, Márcia and Frizanco, Mary Lopes Esteves},
    year = 2021,
    edition = {2ª},
    isbn = {978-8538093176},
    publisher = {Ciranda Cultural}
}

@book{Quadros2019,
    title = {{LIBRAS: Línguítica para o Ensino Superior}},
    author = {de Quadros, R. M.},
    year = 2019,
    publisher = {Parábola Editorial}
}

@book{Quadros2017,
  title = {{Língua de Herança: Língua Brasileira de Sinais}},
  author = {de Quadros, R. M.},
  year = 2017,
  publisher = {Penso Editora}
}

@book{Pressman2016,
    title = {{Engenharia de Software}},
    author = {Pressman, R. S. and Maxim, B.},
    year = 2016,
    edition = {8th},
    publisher = {McGraw Hill Brasil}
}

@book{Sommerville2015,
    title = {{Software Engineering}},
    author = {Sommerville, I.},
    year = 2015,
    edition = {10th},
    publisher = {Pearson Education}
}

% END CHAPTER 1

% BEGIN CHAPTER 2

% Systematic Mapping:

@article{Kitchenham2001,
  title={Principles of survey research},
  author={Kitchenham, Barbara and Pfleeger, Shari Lawrence},
  journal={ACM SIGSOFT Software Engineering Notes},
  volume={26},
  number={6},
  pages={16--18},
  year={2001},
  publisher={ACM New York, NY, USA}
}

@article{Zhang2011,
    title = {{Identifying relevant studies in software engineering}},
    author = {He Zhang and Muhammad Ali Babar and Paolo Tell},
    year = 2011,
    journal = {Information and Software Technology},
    volume = 53,
    number = 6,
    pages = {625--637},
    doi = {https://doi.org/10.1016/j.infsof.2010.12.010},
    issn = {0950-5849},
    note = {Special Section: Best papers from the APSEC}
}

@techreport{Kitchenham2007,
    author = {B. Kitchenham and S Charters},
    title = {{Guidelines for performing Systematic Literature Reviews in Software Engineering}},
    institution = {University of Durham},
    year = 2007
}

@book{Kitchenham2015,
    title = {{Evidence-Based Software Engineering and Systematic Reviews}},
    author = {Kitchenham, Barbara Ann and Budgen, David and Brereton, Pearl},
    year = 2015,
    publisher = {Chapman \& Hall/CRC}
}

@inproceedings{Petersen2008,
    title = {{Systematic Mapping Studies in Software Engineering}},
    author = {Petersen, Kai and Feldt, Robert and Mujtaba, Shahid and Mattsson, Michael},
    year = 2008,
    booktitle = {Proceedings of the 12th International Conference on Evaluation and Assessment in Software Engineering},
    location = {Italy},
    publisher = {BCS Learning \& Development Ltd.},
    address = {Swindon, GBR},
    series = {EASE’08},
    pages = {68–77},
    numpages = 10
}

@article{Petersen2015,
    title = {{Guidelines for conducting systematic mapping studies in software engineering: An update}},
    author = {Kai Petersen and Sairam Vakkalanka and Ludwik Kuzniarz},
    year = 2015,
    journal = {Information and Software Technology},
    volume = 64,
    pages = {1--18},
    doi = {https://doi.org/10.1016/j.infsof.2015.03.007}
}

@article{Nakagawa2010,
    title = {{Using systematic mapping to explore software architecture knowledge}},
    author = {Nakagawa, Elisa and Feitosa, Daniel and Felizardo, Katia},
    year = 2010,
    journal = {Proceedings - International Conference on Software Engineering}
}

@book{Petticrew2008,
    title = {{Systematic reviews in the social sciences: A practical guide}},
    author = {Petticrew, Mark and Roberts, Helen},
    year = 2008,
    publisher = {John Wiley \& Sons}
}

@inproceedings{Radermacher2013,
    title = {{Gaps between Industry Expectations and the Abilities of Graduates}},
    author = {Radermacher, Alex and Walia, Gursimran},
    year = 2013,
    booktitle = {Proceeding of the 44th ACM Technical Symposium on Computer Science Education},
    location = {Denver, Colorado, USA},
    publisher = {Association for Computing Machinery},
    address = {New York, NY, USA},
    series = {SIGCSE ’13},
    pages = {525–530},
    numpages = 6,
    volume = 1
}

@inproceedings{Scatalon2019,
    title = {{Software Testing in Introductory Programming Courses: A Systematic Mapping Study}},
    author = {Scatalon, Lilian Passos and Carver, Jeffrey C. and Garcia, Rog\'{e}rio Eduardo and Barbosa, Ellen Francine},
    year = 2019,
    booktitle = {Proceedings of the 50th ACM Technical Symposium on Computer Science Education},
    location = {Minneapolis, MN, USA},
    publisher = {Association for Computing Machinery},
    address = {New York, NY, USA},
    series = {SIGCSE ’19},
    pages = {421–427},
    numpages = 7,
    volume = 1
}

@book{Bourque2014,
  title = {{Guide to the Software Engineering Body of Knowledge (SWEBOK(R)): Version 3.0}},
  author = {Bourque, Pierre and Fairley, Richard E. and IEEE},
  year = 2014,
  publisher = {IEEE Computer Society Press},
  address = {Washington, DC, USA},
  edition = {3rd}
}

% Architecture:

@book{Bass2021,
    title={Software Architecture in Practice},
    author={Bass, L. and Clements, P. and Kazman, R. and Safari, an O'Reilly Media Company},
    isbn={9780136885979},
    series={SEI Series in software Engineering},
    year={2021},
    edition= {4th},
    publisher={Addison-Wesley Professional}
}

% Learning Objects:

@article{Santana2023,
    title={Use of the Dublin Core Standard to Express Open Metadata Related to Software Engineering Experiments},
    author={Filipe A. Santana and Andr{\'e} Felipe R. Cordeiro and Edson OliveiraJr},
    journal={Anais do III Workshop de Pr{\'a}ticas de Ci{\^e}ncia Aberta para Engenharia de Software (OpenScienSE 2023)},
    year={2023},
    doi = {10.5753/opensciense.2023.235672}
}

@book{LOM2000,
    title={IEEE Standard for Learning Object Metadata}, 
    author={{IEEE}},
    year={2000},
    publisher={{IEEE Learning Technology Standards Committee}},
    pages={1-50}
}

@article{Wiley2000,
    title={Connecting learning objects to instructional design theory: A definition, a metaphor, and a taxonomy},
    author={Wiley, David},
    journal={The instructional use of learning objects},
    volume={2830},
    number={435},
    pages={1--35},
    year={2000}
}

@book{Mayer2021, 
    author = {Richard E. Mayer and Logan Fiorella},
    edition={3nd}, 
    title={The Cambridge Handbook of Multimedia Learning}, 
    publisher={Cambridge University Press}, 
    year={2021}
}

@inproceedings{Myller2009,
    author={Myller, Niko and Bednarik, Roman and Sutinen, Erkki},
    title={The extended engagement taxonomy},
    booktitle={Proceedings of the 9th International Conference on Advanced Learning Technologies},
    year={2009},
    pages={397--401},
    organization={IEEE}
}

@book{Nielsen1993,
    title={Usability Engineering},
    author={Nielsen, Jakob},
    year={1993},
    publisher={Morgan Kaufmann}
}

@article{Krathwohl2002,
    author={Krathwohl, David R.},
    title={A revision of Bloom's taxonomy: An overview},
    journal={Theory into practice},
    year={2002},
    volume={41},
    number={4},
    pages={212--218}
}

@inbook{Tarouco2021,
    author = {Tarouco, Liane Margarida Rockenbach and Bulegon, Ana Marli and Ávila, Bárbara Gorziza},
    title = {Objetos de aprendizagem – Uso e Reuso \& Intencionalidade Pedagógica},
    booktitle = {Informática na Educação: ambientes de aprendizagem, objetos de aprendizagem e empreendedorismo},
    editor = {Pimentel, Mariano and Sampaio, Fábio F. and Santos, Edméa O.},
    publisher = {Sociedade Brasileira de Computação},
    year = {2021},
    series = {Série Informática na Educação, v.5},
    url = {https://ieducacao.ceie-br.org/objetos-de-aprendizagem}
}

@book{Bloom1984,
    author={Bloom, Benjamin S.},
    title={Taxonomy of educational objectives. Vol. 1: Cognitive domain},
    year={1984},
    publisher={Longman}
}

@article{Li2018,
    author = {Li, Kan and Principe, Jose},
    year = {2018},
    month = {04},
    pages = {},
    title = {Biologically-Inspired Spike-Based Automatic Speech Recognition of Isolated Digits Over a Reproducing Kernel Hilbert Space},
    volume = {12},
    journal = {Frontiers in Neuroscience},
    doi = {10.3389/fnins.2018.00194}
}

% END CHAPTER 2

% BEGIN CHAPTER 3

@book{Lemos2022,
  author = {Lemos, Otávio},
  publisher = {Hotmart},
  title = {Arquitetura Limpa na Prática},
  year = 2022
}

@book{martin2012,
  title={Clean Architecture},
  author={Martin, Robert C.},
  year={2012},
  publisher={Prentice Hall}
}

@book{martin2008,
  title={Clean Code: A Handbook of Agile Software Craftsmanship},
  author={Martin, Robert C.},
  year={2008},
  publisher={Prentice Hall}
}

@book{martin2011,
  title={The Clean Coder: A Code of Conduct for Professional Programmers},
  author={Martin, Robert C.},
  year={2011},
  publisher={Prentice Hall}
}

@book{martin2017,
  title={Clean Architecture: A Craftsman's Guide to Software Structure and Design},
  author={Martin, Robert C.},
  year={2017},
  publisher={Prentice Hall}
}

@book{martin2019,
  title={Clean Agile: Back to Basics},
  author={Martin, Robert C.},
  year={2019},
  publisher={Prentice Hall}
}

@book{martin2021,
  title={Clean Craftsmanship: Disciplines, Standards, and Ethics},
  author={Martin, Robert C.},
  year={2021},
  publisher={Prentice Hall}
}

@misc{cockburn2005,
  title={Hexagonal Architecture},
  author={Cockburn, Alistair},
  year={2005},
  url={https://bit.ly/3NiKuOu},
  lastaccess = {20/11/2023}
}

@book{freeman2009,
  title={Growing Object-Oriented Software, Guided by Tests},
  author={Freeman, Steve and Pryce, Nat},
  year={2009},
  publisher={Addison-Wesley}
}

@misc{palermo2008,
  title={Onion Architecture},
  author={Palermo, Jeffrey},
  year={2008},
  url={https://bit.ly/43v9rvN},
  lastaccess = {20/11/2023}
}

@book{coplien2012,
  title={Agile Software Architecture: Chapter 2. The DCI Paradigm},
  author={Coplien, James O. and Reenskaug, Trygve},
  year={2012},
  publisher={Morgan Kaufmann}
}

@techreport{reenskaug2009,
  title={The DCI Architecture: A New Vision of Object-Oriented Programming},
  author={Reenskaug, Trygve},
  year={2009},
  institution={University of Oslo},
  url={https://bit.ly/42rEAyZ},
  lastaccess = {20/11/2023}
}

@book{jacobson1992,
  title={Object-Oriented Software Engineering: A Use Case Driven Approach},
  author={Jacobson, Ivar},
  year={1992},
  publisher={ACM Press}
}

% END CHAPTER 3

% BEGIN CHAPTER 4

@inbook{CastroFilho2021,
  title={Estudo de Caso como método de pesquisa em Informática na Educação},
  author={Castro Filho, Jose Aires and Freire, Raquel Santiago and Maia, Dennys Leite},
  booktitle={Metodologia de pesquisa científica em Informática na Educação: abordagem qualitativa},
  editor={Pimentel, Mariano and Santos, Edméa},
  volume={3},
  series={Série Metodologia de Pesquisa em Informática na Educação},
  year={2021},
  publisher={SBC},
  address={Porto Alegre},
  url={https://metodologia.ceie-br.org/livro-3/}
}

@article{Koenecke2020,
    title={Racial Disparities in Automated Speech Recognition},
    author={Koenecke, Allison and Nam, Andrew and Lake, Emily and Nudell, Jordan and Quartey, Minnie and Mengesha, Zeerak and Toups, Christopher and Rickford, John R. and Jurafsky, Dan and Goel, Sharad},
    journal={Proceedings of the National Academy of Sciences},
    volume={117},
    number={14},
    pages={7684--7689},
    year={2020}
}

@article{Farquhar2020,
  title={Triangulation in industrial qualitative case study research: Widening the scope},
  author={Farquhar, Jillian and Michels, Nicolette and Robson, Julie},
  journal={Industrial Marketing Management},
  volume={87},
  pages={160--170},
  year={2020},
  publisher={Elsevier}
}

@article{LimaJunior2021,
  title={Análise Documental Como Percurso Metodológico na Pesquisa Qualitativa},
  author={Lima Junior, Eduardo Brandão and de Oliveira, Guilherme Saramago and dos Santos, Adriana Cristina Omena and Schnekenberg, Guilherme Fernando},
  journal={Cadernos da Fucamp},
  volume={20},
  number={44},
  year={2021}
}

@book{Charmaz2009,
  author    = {Kathy Charmaz},
  title     = {A Construção da Teoria Fundamentada: Guia Prático para Análise Qualitativa},
  translator = {Joice Elias Costa},
  edition   = {1},
  year      = {2009},
  publisher = {Penso}
}

@unpublished{FalvoJr2024_FIE,
    title = {{Enhancing Learning Objects Accessibility Through Speech-To-Text Based Architecture: A Comprehensive Triangulation Study}},
    author = {V. FalvoJr and A. Marcolino and D. Bruno and C. {MARTINS FALVO} and F. Osório and E. Barbosa},
    year = 2024,
    booktitle = {	2024 IEEE Frontiers in Education Conference (FIE)},
    note = {Paper Submetido},
}

@article{Runeson2009,
    author = {Runeson, Per and H\"{o}st, Martin},
    title = {Guidelines for Conducting and Reporting Case Study Research in Software Engineering},
    year = {2009},
    publisher = {Kluwer Academic Publishers},
    volume = {14},
    number = {2},
    journal = {Empirical Softw. Engg.},
    pages = {131–164}
}

@techreport{Gartner2023,
  title={Magic Quadrant for Cloud AI Developer Services},
  author={Gartner},
  year={2023},
  publisher={Gartner},
  url={https://bit.ly/3Z0ZNQn}
}

@manual{Majumdar2022,
  author = {Majumdar, Dattatreya},
  title = {Text Analysis and Distant Reading using R},
  url = {https://slcladal.github.io/lexsim.html},
  year = {2022},
  edition = {2022.09.13}
}

@INPROCEEDINGS{jaccard-1,
  author={Sulaiman, Nor Hashimah and Mohamad, Daud},
  booktitle={IEEE Symposium on Humanities, Science and Engineering Research}, 
  title={A Jaccard-based similarity measure for soft sets}, 
  year={2012},
  pages={659-663}
  }

@INPROCEEDINGS{jaccard-2,
  author={Manalu, Darwis Robinson and Rajagukguk, Edward and Siringoringo, Rimbun and Siahaan, Desmon Kristanto and Sihombing, Poltak},
  booktitle={International Conference of Computer Science and Information Technology (ICoSNIKOM)}, 
  title={The Development of Document Similarity Detector by Jaccard Formulation}, 
  year={2019}
}

@INPROCEEDINGS{cosseno-1,
  author={Lahitani, Alfirna Rizqi and Permanasari, Adhistya Erna and Setiawan, Noor Akhmad},
  booktitle={4th International Conference on Cyber and IT Service Management}, 
  title={Cosine similarity to determine similarity measure: Study case in online essay assessment}, 
  year={2016}
}

@INPROCEEDINGS{cosseno-2,
  author={Ristanti, Putri Yuni and Wibawa, Aji Prasetya and Pujianto, Utomo},
  booktitle={5th International Conference on Science in Information Technology (ICSITech)}, 
  title={Cosine Similarity for Title and Abstract of Economic Journal Classification}, 
  year={2019}
}

@INPROCEEDINGS{cosseno-3,
  author={Mohana, H. and Suriakala, M.},
  booktitle={3rd International Conference on Computational Systems and Information Technology for Sustainable Solutions (CSITSS)}, 
  title={Integrated Cosine And Tuned Cosine Similarity Measure To Alleviate Data Sparsity Issues For Personalized Recommendation}, 
  year={2018},
  pages={41-49}
}

@INPROCEEDINGS{levens-1,
  author={Zhang, Shengnan and Hu, Yan and Bian, Guangrong},
  booktitle={IEEE 2nd Advanced Information Technology, Electronic and Automation Control Conference (IAEAC)}, 
  title={Research on string similarity algorithm based on Levenshtein Distance}, 
  year={2017},
  pages={2247-2251}
}

@INPROCEEDINGS{levens-2,
  author={Sugiarto and Diyasa, I Gede Susrama Mas and Diana, Ilvi Nur},
  booktitle={6th Information Technology International Seminar (ITIS)}, 
  title={Levenshtein Distance Algorithm Analysis on Enrollment and Disposition of Letters Application}, 
  year={2020},
  pages={198-202}
}

@book{Yin2015,
  title={Qualitative research from start to finish},
  author={Yin, Robert K},
  year={2015},
  publisher={Guilford publications}
}

% Testes Estatísticos:

@article{Shapiro1965,
  title={Analysis of variance test for normality (complete samples)},
  author={Shapiro, Samuel S and Wilk, Maurice B},
  journal={Biometrika},
  volume={52},
  number={3/4},
  pages={591--611},
  year={1965},
  publisher={JSTOR}
}

@article{Kolmogorov1933,
  title={Sulla determinazione empirica di una legge di distribuzione},
  author={Kolmogorov, Andrei},
  journal={Giornale dell'Istituto Italiano degli Attuari},
  volume={4},
  pages={83--91},
  year={1933}
}

@article{Smirnov1948,
  title={Table for estimating the goodness of fit of empirical distributions},
  author={Smirnov, N},
  journal={Ann. Math. Stat.},
  volume={19},
  pages={279--281},
  year={1948}
}

@article{Kruskal1952,
  title={The use of ranks in one-criterion variance analysis},
  author={Kruskal, William H and Wallis, WA},
  journal={Journal of the American statistical Association},
  volume={47},
  number={260},
  pages={583--621},
  year={1952},
  publisher={Taylor \& Francis}
}

@article{Dunn1964,
  title={Multiple comparisons using rank sums},
  author={Dunn, Olive Jean},
  journal={Technometrics},
  volume={6},
  number={3},
  pages={241--252},
  year={1964},
  publisher={Taylor \& Francis}
}

@article{Conover1999,
  title={Practical nonparametric statistics},
  author={Conover, WJ},
  journal={Wiley New York},
  volume={3},
  year={1999}
}

@article{Fisher1925,
  title={Statistical methods for research workers},
  author={Fisher, Ronald Aylmer},
  journal={Genesis Publishing Pvt Ltd},
  year={1925}
}

@article{Tukey1949,
  title={Comparing individual means in the analysis of variance},
  author={Tukey, JW},
  journal={Biometrics},
  volume={5},
  number={2},
  pages={99--114},
  year={1949},
  publisher={JSTOR}
}

@article{Bonferroni1936,
  title={Teoria statistica delle classi e calcolo delle probabilità},
  author={Bonferroni, Carlo Emilio},
  journal={Pubblicazioni del R Istituto Superiore di Scienze Economiche e Commerciali di Firenze},
  volume={8},
  pages={3--62},
  year={1936}
}

% Pesquisa Documental:

@article{Ferraro2023,
  title={Benchmarking open source and paid services for speech to text: an analysis of quality and input variety},
  author={Ferraro, A and Galli, A and La Gatta, V and Postiglione, M},
  journal={Frontiers in Big Data},
  volume={6},
  pages={1210559},
  year={2023},
  month={Sep},
  doi={10.3389/fdata.2023.1210559},
  PMID={37799510},
  PMCID={PMC10548127}
}

@inproceedings{Cao2023,
  title={A Comparative Analysis of Automatic Speech Recognition Errors in Small Group Classroom Discourse},
  author={Cao, Jie and Ganesh, Ananya and Cai, Jon and Southwell, Rosy and Perkoff, E. Margaret and Regan, Michael and Kann, Katharina and Martin, James H. and Palmer, Martha and D'Mello, Sidney},
  booktitle={Proceedings of the 31st ACM Conference on User Modeling, Adaptation and Personalization},
  series={UMAP '23},
  pages={250--262},
  month={June},
  year={2023},
  doi={10.1145/3565472.3595606}
}

@article{Alshaikh2024,
  title={The implementation of the cognitive theory of multimedia learning in the design and evaluation of an AI educational video assistant utilizing large language models},
  author={AlShaikh, R and Al-Malki, N and Almasre, M},
  journal={Heliyon},
  volume={10},
  number={3},
  pages={e25361},
  year={2024},
  month={Feb},
  doi={10.1016/j.heliyon.2024.e25361},
  PMID={38352730},
  PMCID={PMC10862517}
}

@ARTICLE{Bengesi2024,
  author={Bengesi, Staphord and El-Sayed, Hoda and Sarker, Md Kamruzzaman and Houkpati, Yao and Irungu, John and Oladunni, Timothy},
  journal={IEEE Access}, 
  title={Advancements in Generative AI: A Comprehensive Review of GANs, GPT, Autoencoders, Diffusion Model, and Transformers.}, 
  year={2024},
  volume={},
  number={},
  doi={10.1109/ACCESS.2024.3397775}
}

% END CHAPTER 4

% BEGIN CHAPTER 5

@inbook{FalvoJr2023_SMarty,
    author="FalvoJr, Venilton and Marcolino, Anderson S. and {DUARTE FILHO}, Nem{\'e}sio F. and OliveiraJr, Edson and Barbosa, Ellen F.",
    editor="OliveiraJr, Edson",
    chapter={13},
    title={{M-SPLearning: A Software Product Line for Mobile Learning Applications}},
    booktitle={{UML-Based Software Product Line Engineering with SMarty}},
    year="2023",
    publisher="Springer International Publishing",
    pages="287--314",
    doi="10.1007/978-3-031-18556-4_13"
}

@article{FalvoJr2020_JUCS,
    title = {{Variability-based Improvement of M-Learning Applications Development}},
    author = {Venilton FalvoJr and Anderson da Silva Marcolino and Nemesio Freitas Duarte Filho and Edson OliveiraJr and Ellen Francine Barbosa},
    year = 2020,
    journal = {Journal of Universal Computer Science (J.UCS)},
    volume = {},
    number = {},
    pages = {1--25}
}

@inproceedings{Oliveira2019_SBIE,
    title = {{Internet das Coisas aplicada {\`a} Educa{\c{c}}{\~a}o: Um Mapeamento Sistem{\'a}tico}},
    author = {Oliveira, Raul and FalvoJr, Venilton and Barbosa, Ellen Francine},
    year = 2019,
    booktitle = {Brazilian Symposium on Computers in Education (Simp{\'o}sio Brasileiro de Inform{\'a}tica na Educa{\c{c}}{\~a}o-SBIE)},
    volume = {30},
    address = {Brasília, DF, Brasil},
    pages = {499--508}
}
@inproceedings{Soad2017_FIE,
    title = {{ReqML-catalog: The road to a requirements catalog for mobile learning applications}},
    author = {G. W. Soad and M. L. Fioravanti and V. FalvoJr and A. Marcolino and N. F. Duarte Filho and E. F. Barbosa},
    year = 2017,
    month = oct,
    booktitle = {2017 IEEE Frontiers in Education Conference (FIE)},
    volume = {},
    number = {},
    address = {Indianapolis, IN, USA},
    pages = {1--9}
}

%END CHAPTER 5

@book{Duke2009,
  title = {{The Everything Sign Language Book: American Sign Language Made Easy}},
  author = {Duke, Irene},
  year = 2009,
  publisher = {Adams Media Corporation},
  address = {Avon, MA}
}

@misc{ONU2023,
    title = {{United Nations: International Day of Sign Languages}},
    author = {ONU},
    year = 2023,
    url = {https://bit.ly/3CBOCTX},
    lastaccess = {20/11/2023}
}

@misc{Forbes2023,
    author = {Forbes},
    title = {Deafness Statistics: 2023},
    year = {2023},
    url = {https://bit.ly/3P0w8ni},
    publisher = {Forbes},
    lastaccess = {20/11/2023}
}

@misc{IBGE2010,
    title = {{Conheça o Brasil - População: Pessoas com Deficiência}},
    author = {IBGE},
    year = 2010,
    url = {https://bit.ly/2Zf79lV},
    institution = {Instituto Brasileiro de Geografia e Estatística (IBGE)},
    lastaccess = {20/11/2023}
}

@misc{Napier2019,
  title = {{WFD Position Paper on Accessibility: Sign Language Interpreting and translation and technological developments}},
  author = {Jemina Napier and Maya De Wit},
  year = 2019,
  url = {https://bit.ly/36rwhYP},
  institution = {World Federation of the Deaf},
  lastaccess = {20/11/2023}
}
@book{Cilli2017,
  title = {{A Tecnologia da Informação e Comunicação nas Práticas Educacionais}},
  author = {Thais Cilli and Carlos Vital Giordano and Celi Langhi and Arlindo Soares de Albergaria Henriques da Silva Junior and Evelin Finke Croce and Gaio Belitardo de Oliveira and Isabel Domingues and Luciane da Silveira Pinto and Sandra Matos},
  year = 2017,
  publisher = {Edição Independente},
  address = {São Paulo--SP},
  addendum = {Kindle Edition}
}

@book{beck2001manifesto,
  title={Manifesto for Agile Software Development},
  author={Beck, Kent and Beedle, Mike and Van Bennekum, Arie and Cockburn, Alistair and Cunningham, Ward and Fowler, Martin and Grenning, James and Highsmith, Jim and Hunt, Andrew and Jeffries, Ron and Kern, Jon and Marick, Brian and Martin, Robert C. and Mellor, Steve and Schwaber, Ken and Sutherland, Jeff and Thomas, Dave},
  year={2001},
  publisher={Agile Alliance}
}

@book{kniberg2014scrum,
  title={Scrum and XP from the trenches},
  author={Kniberg, Henrik and Skarin, Mattias},
  year={2014},
  publisher={C4Media}
}

@book{schwaber2002agile,
  title={Agile software development with Scrum},
  author={Schwaber, Ken and Beedle, Mike},
  year={2002},
  publisher={Prentice Hall}
}

@inproceedings{schwaber1997scrum,
  title={Scrum development process},
  author={Schwaber, Ken},
  booktitle={Business object design and implementation},
  volume={3},
  pages={117--134},
  year={1997},
  publisher={Springer}
}

@inproceedings{ahmad2013kanban,
  title={Kanban in software development: A systematic literature review},
  author={Ahmad, Muhammad Ovais and Markkula, Jouni and Oivo, Markku},
  booktitle={2013 39th Euromicro Conference on Software Engineering and Advanced Applications},
  pages={9--16},
  year={2013},
  organization={IEEE}
}

@book{kniberg2010kanban,
  title={Kanban and Scrum-Making the Most of Both},
  author={Kniberg, Henrik and Skarin, Mattias},
  year={2010},
  publisher={C4Media}
}

@phdthesis{falvojr2024_PhD,
  author = {FalvoJr, Venilton and Barbosa, Ellen Francine},
  title = {{Speech2Learning}: Uma Arquitetura de Apoio à Acessibilidade de Objetos de Aprendizagem Audíveis},
  year = {2023},
  school = {Instituto de Ciências Matemáticas e de Computação (ICMC-USP)},
  note = {Projeto em Andamento},
}

@article{FalvoJr2023_HICSS,
  title = {{Lexical Analysis of Automatic Transcriptions Using Speech-to-Text Services: A Statistically Evaluated Case Study}},
  author = {V. FalvoJr and A. Marcolino and D. Bruno and C. {MARTINS FALVO} and F. Osório and E. Barbosa},
  year = 2023,
  journal = {Hawaii International Conference on System Sciences (HICSS)},
  volume = {},
  number = {},
  pages = {1--10}
}


@book{wohlin2012experimentation,
  title={Experimentation in software engineering},
  author={Wohlin, Claes and Runeson, Per and H{\"o}st, Martin and Ohlsson, Magnus C. and Regnell, Bj{\"o}rn and Wessl{\'e}n, Anders},
  year={2012},
  publisher={Springer Science \& Business Media}
}

@article{juristo2011role,
  title={The role of non-exact replications in software engineering experiments},
  author={Juristo, Natalia and Moreno, Ana M.},
  journal={Empirical Software Engineering},
  volume={16},
  number={3},
  pages={295--324},
  year={2011},
  publisher={Springer}
}

@book{Ausubel1980,
  title={Psicologia educacional},
  author={Ausubel, D. P. and Novak, J. D. and Hanesian, H.},
  isbn={9788520100844},
  year={1980},
  publisher={Interamericana}
}

@inproceedings{Castrillo2014,
  title = {{Mobile-based chatting for meaning negotiation in foreign language learning}},
  author = {Castrillo, M. Dolores and Mart{\'\i}n-Monje, Elena and B{\'a}rcena, Elena},
  year = 2014,
  booktitle = {Proceedings of the 10\textsuperscript{th} International Conference on Mobile Learning (ML)},
  address = {Madrid, ES},
  pages = {49--59}
}
@book{Gardner1995,
  title={Intelig{\^e}ncias m{\'u}ltiplas: a teoria na pr{\'a}tica},
  author={Gardner, H.},
  isbn={9788573074130},
  year={1995},
  publisher={Artmed}
}
@misc{ONU2019,
  title = {{International Day of Sign Languages}},
  author = {ONU},
  year = 2019,
  publisher = {Organização das Nações Unidas (ONU)},
  url = {https://bit.ly/347MwZO},
  urlaccessdate = {02/12/2020}
}

@misc{Itu2019a,
  title = {{Report on the implementation of the Strategic Plan and the activities of the Union for 2018-2019}},
  author = {ITU},
  year = 2019,
  booktitle = {ITU Annual Progress Report 2018},
  publisher = {International Telecommunication Union (ITU)},
  url = {https://bit.ly/2UF6Q1o},
  urlaccessdate = {02/12/2020}
}
@misc{Itu2019b,
  title = {{Measuring digital development}},
  author = {ITU},
  year = 2019,
  booktitle = {ITU Facts and figures 2019},
  publisher = {International Telecommunication Union (ITU)},
  url = {https://bit.ly/3aHBbC1},
  urlaccessdate = {02/12/2020}
}
@misc{Itu2020,
  title = {{Measuring digital development}},
  author = {ITU},
  year = 2020,
  booktitle = {ITU Facts and figures 2020},
  publisher = {International Telecommunication Union (ITU)},
  url = {https://bit.ly/2IkMzLm},
  urlaccessdate = {06/12/2020}
}
@misc{IBGE2010,
  title = {{Conheça o Brasil - População: Pessoas com Deficiência}},
  author = {IBGE},
  year = 2010,
  url = {https://bit.ly/2Zf79lV},
  institution = {Instituto Brasileiro de Geografia e Estatística (IBGE)},
  urlaccessdate = {02/12/2020}
}

@book{Kukulska2005,
  title = {{Mobile learning: A handbook for educators and trainers}},
  author = {Kukulska-Hulme, Agnes and Traxler, John},
  year = 2005,
  publisher = {Psychology Press}
}
@book{Mizukami1986,
  title={Ensino: As abordagens do processo},
  author={Mizukami, Maria da Gra{\c{c}}a Nicoletti},
  isbn={9788512303505},
  year={1986},
  publisher={LTC -- Livros Técnicos e Científicos Editora}
}

@misc{Snoddon2018,
  title = {{WFD Position Paper on Inclusive Education}},
  author = {Kristin Snoddon},
  year = 2018,
  url = {https://bit.ly/3ebroWg},
  institution = {World Federation of the Deaf},
  urlaccessdate = {02/12/2020}
}
@misc{UNESCO2002,
  title = {{Forum on the Impact of Open Courseware for Higher Education in Developing Countries}},
  author = {UNESCO},
  year = 2002,
  url = {https://unesdoc.unesco.org/ark:/48223/pf0000128515.locale=en},
  institution = {Organização das Nações Unidas para a Educação, a Ciência e a Cultura (UNESCO)},
  urlaccessdate = {24/12/2020}
}
@book{Wohlin2012,
  title = {{Experimentation in Software Engineering}},
  author = {Wohlin, Claes and Runeson, Per and Hst, Martin and Ohlsson, Magnus C. and Regnell, Bjrn and Wessln, Anders},
  year = 2012,
  publisher = {Springer Publishing Company, Incorporated}
}
@inproceedings{Wohlin2014,
  title = {{Guidelines for Snowballing in Systematic Literature Studies and a Replication in Software Engineering}},
  author = {Wohlin, Claes},
  year = 2014,
  booktitle = {Proceedings of the 18th International Conference on Evaluation and Assessment in Software Engineering},
  location = {London, England, United Kingdom},
  publisher = {Association for Computing Machinery},
  address = {New York, NY, USA},
  series = {EASE ’14},
  articleno = {Article 38},
  numpages = 10,
  keywords = {snowball search, snowballing, systematic literature review, replication, systematic mapping studies}
}

@article{Felizardo2012,
  title = {{A Systematic Mapping on the use of Visual Data Mining to Support the Conduct of Systematic Literature Reviews}},
  author = {Felizardo, Katia and MacDonell, Stephen and Mendes, Emilia and Maldonado, José},
  year = 2012,
  month = {02},
  journal = {Journal of Software},
  volume = 7,
  pages = {TBC}
}
@inproceedings{Svetlana2009,
  title = {{Adaptation e-Learning Contents in Mobile Environment}},
  author = {Svetlana, Kim and Yonglk-Yoon},
  year = 2009,
  booktitle = {Proceedings of the 2Nd International Conference on Interaction Sciences: Information Technology, Culture and Human},
  location = {Seoul, Korea},
  publisher = {ACM},
  series = {ICIS '09},
  pages = {474--479},
  numpages = 6
}
@techreport{Omalley2003,
  title = {{Guidelines for learning/teaching/tutoring in a mobile environment. Mobilearn project deliverable}},
  author = {O’Malley, C and Vavoula, G and Glew, J and Taylor, J and Sharples, M and Lefrere, P},
  year = 2003,
  institution = {MOBIlearn/UoN/UoB/OU}
}
@book{West2013,
  title = {{UNESCO policy guidelines for mobile learning}},
  author = {West, Mark and Vosloo, Steven},
  year = 2013,
  publisher = {Organização das Nações Unidas para a Educação, a Ciência e a Cultura (UNESCO)},
  url = {https://unesdoc.unesco.org/ark:/48223/pf0000219641}
}
@book{Dias2016,
  title = {{Internet das Coisas sem mist{\'e}rios}},
  author = {Dias, Renata Rampim de Freitas},
  year = 2016,
  publisher = {Netpress Books}
}
@book{Cilli2017,
  title = {{A Tecnologia da Informação e Comunicação nas Práticas Educacionais}},
  author = {Thais Cilli and Carlos Vital Giordano and Celi Langhi and Arlindo Soares de Albergaria Henriques da Silva Junior and Evelin Finke Croce and Gaio Belitardo de Oliveira and Isabel Domingues and Luciane da Silveira Pinto and Sandra Matos},
  year = 2017,
  publisher = {Edição Independente},
  address = {São Paulo--SP},
  addendum = {Kindle Edition}
}
@phdthesis{Fielding2000,
  title = {{Architectural styles and the design of network-based software architectures}},
  author = {Fielding, Roy Thomas},
  year = 2000,
  school = {University of California, Irvine, CA}
}

@book{Gil2016,
  title = {{Como elaborar projetos de pesquisa -- 6ª Edição}},
  author = {Gil, Antonio Carlos},
  year = 2016,
  publisher = {Editora Atlas Ltda.}
}
@book{Quadros2004,
  title = {{L{\'\i}ngua de sinais brasileira: estudos ling{\"u}{\'\i}sticos}},
  author = {de Quadros, R. M. and Karnopp, L.B.},
  year = 2004,
  publisher = {Artmed Editora},
  series = {Biblioteca Artmed}
}
@book{Gesser2009,
  title = {{Libras? Que língua é essa? Crenças e preconceitos em torno da língua de sinais e da realidade surda}},
  author = {Gesser, Audrei},
  year = 2009,
  publisher = {Parábola Editorial}
}
@misc{Cristiano2020,
  title = {{O que é Libras?}},
  author = {Almir Cristiano},
  year = 2020,
  url = {https://www.libras.com.br/o-que-e-libras},
  urlaccessdate = {02/12/2020}
}
@mastersthesis{Oliveira2016,
  title = {{Recursos de Tecnologia Assistiva Digital Para Pessoas Com Deficiência Sensorial: Uma Análise na Perspectiva Educacional}},
  author = {Camila Dias de Oliveira},
  year = 2016,
  school = {Universidade Federal de São Carlos (UFSCar)}
}
@book{Almeida2015,
  title = {{Educação de surdos: formação, estratégias e prática docente}},
  author = {Wolney Gomes Almeida},
  year = 2015,
  publisher = {Editus -- Editora da Uesc}
}
@misc{UNESCO1994,
  title = {{Declaração de Salamanca sobre Princípios, Política e Práticas na Área das Necessidades Educativas Especiais}},
  author = {UNESCO}, 
  institution = {Organização das Nações Unidas para a Educação, a Ciência e a Cultura (UNESCO)},
  year = 1994,
  url = {https://unesdoc.unesco.org/ark:/48223/pf0000139394},
  urlaccessdate = {04/12/2020}
}
@book{Sampaio2009,
  title = {{Educação inclusiva: o professor mediando para a vida}},
  author = {Cristiane T. Sampaio and Sônia Maria R. Sampaio},
  year = 2009,
  publisher = {EDUFBA}
}
@book{David2015,
  title = {{Desafios contemporâneos da educação}},
  author = {Célia Maria David and Hilda Maria Gonçalves da Silva and Ricardo Ribeiro and Sebastião de Souza Lemes},
  year = 2015,
  publisher = {Cultura Acadêmica}
}
@misc{Alana2019,
  title = {{O que a população brasileira pensa sobre educação inclusiva}},
  author = {Bel Rodrigues and Carolina Pasquali and Erika Pisaneschi},
  year = 2019,
  url = {https://bit.ly/3qujRsD},
  urlaccessdate = {05/12/2020}
}
@techreport{Bersch2017,
  title = {{Introdução à Tecnologia Assistiva}},
  author = {Rita Bersch},
  year = 2017,
  url = {https://bit.ly/3otBkiY},
  institution = {Assistiva - Tecnologia e Educação},
  urlaccessdate = {06/12/2020}
}
@book{Cook2020,
  title = {{Assistive Technologies: Principles and Practice}},
  author = {Albert M. Cook and Janice M. Polgar and Pedro Encarnação},
  year = 2020,
  publisher = {Elsevier/Mosby},
  isbn = {978-0323523387}
}

@techreport{Cat2008,
  title = {{Tecnologia Assistiva}},
  author = {CAT},
  year = 2008,
  url = {https://bit.ly/3qxq8Un},
  institution = {Comitê de Ajudas Técnicas (CAT)},
  urlaccessdate = {06/12/2020}
}


@inproceedings{Homburg2019,
    author = {Daniel Homburg and Mirja Sophie Thieme and Johannes Völker and Ruth Stock},
    title = {{RoboTalk} - Prototyping a Humanoid Robot as Speech-to-Sign Language Translator},
    year = 2019,
    publisher = {Hawaii International Conference on System Sciences (HICSS)},
    booktitle = {Proceedings of the 52nd HICSS}
}
@inproceedings{fleischmann2021,
    author = {Fleischmann, A. Carolin and Cardon, Peter and Aritz, Jolanta},
    title = {Acceptance of Speech-to-Text Technology: Exploring Language Proficiency and Psychological Safety in Global Virtual Teams},
    year = {2021},
    publisher = {Hawaii International Conference on System Sciences (HICSS)},
    booktitle = {Proceedings of the 54th HICSS}
}

@inproceedings{Parakh2022,
    author = {Parakh, Abhishek and Subramaniam, Mahadevan and Chundi, Parvathi},
    title = {A Framework for Incorporating Serious Games into Learning Object Repositories through Experiential Learning},
    year = 2022,
    publisher = {Hawaii International Conference on System Sciences (HICSS)},
    booktitle = {Proceedings of the 55th HICSS}
}